%bibtex entries 

%%%%%%%%%%%%%%%%
%                 STARTING SET       %%
%%%%%%%%%%%%%%%%

@Inproceedings{coimbra2011reverse,
  title={Reverse Engineering of Graphical User Interfaces},
  author={Coimbra Morgado, In{\^e}s and Paiva, Ana and Pascoal Faria, Jo{\~a}o},
  booktitle={ICSEA 2011, The Sixth International Conference on Software Engineering Advances},
  pages={293--298},
  year={2011}
}

@Inproceedings{morgado2012gui,
  title={GUI reverse engineering with machine learning},
  author={Morgado, In{\^e}s Coimbra and Paiva, Ana CR and Faria, Joao Pascoal and Camacho, Rui},
  booktitle={Realizing Artificial Intelligence Synergies in Software Engineering (RAISE), 2012 First International Workshop on},
  pages={27--31},
  year={2012},
  organization={IEEE}
}

@Inproceedings{grilo2010reverse,
  title={Reverse engineering of GUI models for testing},
  author={Grilo, Andr{\'e} MP and Paiva, Ana CR and Faria, Jo{\~a}o Pascoal},
  booktitle={Information Systems and Technologies (CISTI), 2010 5th Iberian Conference on},
  pages={1--6},
  year={2010},
  organization={IEEE}
}

@Article{coimbra2012dynamic,
  title={Dynamic Reverse Engineering of Graphical User Interfaces},
  author={Coimbra Morgado, In{\^e}s and Paiva, Ana CR and Pascoal Faria, Jo{\~a}o},
  journal={International Journal On Advances in Software},
  volume={5},
  number={3 and 4},
  pages={224--236},
  year={2012}
}

@Inproceedings{nabuco2013inferring,
  title={Inferring UI patterns with Inductive Logic Programming},
  author={Nabuco, Miguel and Paiva, Ana CR and Camacho, Rui and Faria, Joao Pascoal},
  booktitle={Information Systems and Technologies (CISTI), 2013 8th Iberian Conference on},
  pages={1--5},
  year={2013},
  organization={IEEE}
}

@Inproceedings{cunha2010pettool,
  title={PETTool: A pattern-based GUI testing tool},
  author={Cunha, Marco and Paiva, Ana CR and Ferreira, Hugo Sereno and Abreu, Rui},
  booktitle={Software Technology and Engineering (ICSTE), 2010 2nd International Conference on},
  volume={1},
  pages={V1--202},
  year={2010},
  organization={IEEE}
}

%%%%%%%%%%%%%%%%
%                 UI PATTERNS          %%
%%%%%%%%%%%%%%%%

@Incollection{van2001patterns,
  title={Patterns as tools for user interface design},
  author={Van Welie, Martijn and Van Der Veer, Gerrit C and Eli{\"e}ns, Anton},
  booktitle={Tools for Working with Guidelines},
  pages={313--324},
  year={2001},
  publisher={Springer}
}

@book{tidwell2010designing,
  title={Designing interfaces},
  author={Tidwell, Jenifer},
  year={2010},
  publisher={O'Reilly}
}
%T. Neil. “12 standard screen patterns”. http://designingWebinterfaces.com/designingWeb-interfaces-12-screen-patterns . accessed June 2013
@online{neil12standard,
  title = {12 standard screen patterns},
  url = { http://designingWebinterfaces.com/designingWeb-interfaces-12-screen-patterns},
  author = {T. Neil},
  note = {Accessed: 2014-01-22}
}
@incollection{sinnig2005patterns,
  title={Patterns in model-based engineering},
  author={Sinnig, Daniel and Gaffar, Ashraf and Reichart, Daniel and Forbrig, Peter and Seffah, Ahmed},
  booktitle={Computer-Aided Design of User Interfaces IV},
  pages={197--210},
  year={2005},
  publisher={Springer}
}
%%%%%%%%%%%%%%%%%%%%%%%%
%                 SOTA - REVERSE ENGINEERING          %%
%%%%%%%%%%%%%%%%%%%%%%%%

@article{chikofsky1990reverse,
  title={Reverse engineering and design recovery: A taxonomy},
  author={Chikofsky, Elliot J and Cross, James H and others},
  journal={Software, IEEE},
  volume={7},
  number={1},
  pages={13--17},
  year={1990},
  publisher={IEEE}
}

@inproceedings{systa1999dynamic,
  title={Dynamic reverse engineering of Java software},
  author={Syst{\"a}, Tarja},
  booktitle={ECOOP Workshops},
  pages={174--175},
  year={1999}
}

@article{canfora2011achievements,
  title={Achievements and challenges in software reverse engineering},
  author={Canfora, Gerardo and Di Penta, Massimiliano and Cerulo, Luigi},
  journal={Communications of the ACM},
  volume={54},
  number={4},
  pages={142--151},
  year={2011},
  publisher={ACM}
}

@inproceedings{pacione2003comparative,
  title={A comparative evaluation of dynamic visualisation tools},
  author={Pacione, Michael J and Roper, Marc and Wood, Murray},
  booktitle={10th Working Conference on Reverse Engineering},
  pages={80--89},
  year={2003}
}

%%%%%%%%%%%%%%%%%%%%%%%%%
%    Extraction of Information from Execution Traces    %
%%%%%%%%%%%%%%%%%%%%%%%%%

@inproceedings{andjelkovic2011trace,
  title={Trace Server: A Tool for Storing, Querying and Analyzing Execution Traces},
  author={Andjelkovic, Igor and Artho, Cyrille},
  booktitle={JPF Workshop, Lawrence, USA},
  year={2011}
}

@ONLINE{jpf,
  title = {Java Path Finder},
  url = {http://babelfish.arc.nasa.gov/trac/jpf},
  note = {Accessed: 2014-01-21}
}

@book{steven2000jrapture,
  title={jRapture: A capture/replay tool for observation-based testing},
  author={Steven, John and Chandra, Pravir and Fleck, Bob and Podgurski, Andy},
  volume={25},
  number={5},
  year={2000},
  publisher={ACM}
}

@incollection{duarte2006model,
  title={Model extraction using context information},
  author={Duarte, Lucio Mauro and Kramer, Jeff and Uchitel, Sebastian},
  booktitle={Model Driven Engineering Languages and Systems},
  pages={380--394},
  year={2006},
  publisher={Springer}
}

@inproceedings{fischer2005system,
  title={System evolution tracking through execution trace analysis},
  author={Fischer, Michael and Oberleitner, Johann and Gall, Harald and Gschwind, Thomas},
  booktitle={Program Comprehension, 2005. IWPC 2005. Proceedings. 13th International Workshop on},
  pages={237--246},
  year={2005},
  organization={IEEE}
}

@inproceedings{amalfitano2010rich,
  title={Rich internet application testing using execution trace data},
  author={Amalfitano, Domenico and Fasolino, Anna Rita and Tramontana, Porfirio},
  booktitle={Software Testing, Verification, and Validation Workshops (ICSTW), 2010 Third International Conference on},
  pages={274--283},
  year={2010},
  organization={IEEE}
}

%%%%%%%%%%%%%%%%%%%%%%%%%
%    Extraction of Information from Web  apps              %
%%%%%%%%%%%%%%%%%%%%%%%%%

@article{ricca2001understanding,
  title={Understanding and restructuring web sites with reweb},
  author={Ricca, Filippo and Tonella, Paolo},
  journal={Multimedia, IEEE},
  volume={8},
  number={2},
  pages={40--51},
  year={2001},
  publisher={IEEE}
}

@inproceedings{di2005integrating,
  title={Integrating static and dynamic analysis to improve the comprehension of existing web applications},
  author={Di Lucca, Giuseppe A and Di Penta, Massimiliano},
  booktitle={Web Site Evolution, 2005.(WSE 2005). Seventh IEEE International Symposium on},
  pages={87--94},
  year={2005},
  organization={IEEE}
}

@article{di2004reverse,
  title={Reverse engineering Web applications: the WARE approach},
  author={Di Lucca, Giuseppe Antonio and Fasolino, Anna Rita and Tramontana, Porfirio},
  journal={Journal of Software Maintenance and Evolution: Research and Practice},
  volume={16},
  number={1-2},
  pages={71--101},
  year={2004},
  publisher={Wiley Online Library}
}

@inproceedings{antoniol2004understanding,
  title={Understanding web applications through dynamic analysis},
  author={Antoniol, Giuliano and Di Penta, Massimiliano and Zazzara, Michele},
  booktitle={Program Comprehension, 2004. Proceedings. 12th IEEE International Workshop on},
  pages={120--129},
  year={2004},
  organization={IEEE}
}

@mastersthesis{roest2010automated,
  author = "Danny Roest",
  title = "Automated Regression Testing of Ajax Web Applications",
  school = "Delft University of Technology",
  month = "February",
  year = "2010"
}

@online{selenium,
  title = {Selenium Documentation},
  url = {docs.seleniumhq.org/docs/},
  note = {Accessed: 2014-01-22}
}

@article{mesbah2012invariant,
  title={Invariant-based automatic testing of modern web applications},
  author={Mesbah, Ali and van Deursen, Arie and Roest, Danny},
  journal={Software Engineering, IEEE Transactions on},
  volume={38},
  number={1},
  pages={35--53},
  year={2012},
  publisher={IEEE}
}

@inproceedings{fard2013feedback,
  title={Feedback-directed exploration of web applications to derive test models},
  author={Fard, A Milani and Mesbah, Ali},
  booktitle={Proceedings of the 24th IEEE International Symposium on Software Reliability Engineering (ISSRE). IEEE Computer Society},
  pages={10},
  year={2013}
}

@INPROCEEDINGS{benedikt02veriweb,
    author = {Michael Benedikt and Juliana Freire and Patrice Godefroid},
    title = {VeriWeb: Automatically Testing Dynamic Web Sites},
    booktitle = {In Proceedings of 11th International World Wide Web Conference (WW W’2002},
    year = {2002}
}

@inproceedings{dallmeier2012webmate,
  title={Webmate: a tool for testing web 2.0 applications},
  author={Dallmeier, Valentin and Burger, Martin and Orth, Tobias and Zeller, Andreas},
  booktitle={Proceedings of the Workshop on JavaScript Tools},
  pages={11--15},
  year={2012},
  organization={ACM}
}
%%%%%%%%%%%%%%%%
%                 INTRODUCTION     %%
%%%%%%%%%%%%%%%%

@article{constantine2002usage,
  title={Usage-centered engineering for Web applications},
  author={Constantine, Larry L and Lockwood, Lucy AD},
  journal={Software, IEEE},
  volume={19},
  number={2},
  pages={42--50},
  year={2002},
  publisher={IEEE}
}